@MISC {andersonramires2005,
    author       	= "Anderson Ramires",
    title        	= "Voice over Internet Protocol (VoIP) – Apenas uma moda ou uma nova tecnologia que irá mudar nossa  forma de comunicação?",
    howpublished 	= "Teleco",
    month        	= "set",
    year         	= "2005",
    url		     	= "http://www.teleco.com.br/emdebate/ramires01.asp",
    urlaccessdate	= "25 out. 2014"
}

@URL {michaelpowell2005,
    author   		= "Michael Powell",
    year     		= "2005",
    series   		= "chairman da Federal Communications Commission (FCC)",
    month   		= "set",
    edition  		= "primeira",
    crossref 		= "michaelpowell2005"
}

@MISC {eduardarosa2014,
    author			= "Eduarda Rosa",
    title   		= "Reclamações ligações 190 dourados",
    howpublished 	= "Douradosnews",
    month    		= "mar",
    year     		= "2014",
    url		 		= "http://www.douradosnews.com.br/dourados/populacao-reclama-do-nao-funcionamento-do--da-pm",
    urlaccessdate	= "02 nov. 2014"    
}

@MISC {glauciadasilvaribeiro2011,
    author   		= "Glaucia da Silva Ribeiro",
    title   		= "Voz sobre IP: A Convergência de Dados e Voz",
    howpublished 	= "Teleco",
    month    		= "nov",
    year    		= "2011",
    url 	 		= "http://www.teleco.com.br/tutoriais/tutorialvoipconv/pagina_4.asp",
    urlaccessdate	= "02 nov. 2014"
}

@MISC {andreagiardino2005,
    author   		= "Andrea Giardino",
    title   		= "A explosão do VoIP",
    howpublished 	= "Info",
    month    		= "mai",
    year     		= "2005",
    url		 		= "http://info.abril.com.br/canalinfo/edicao03/052005_voip.shtml",
    urlaccessdate	= "02 nov. 2014"
}

@BOOK {theodorewallingford2005,
    author    = "Theodore Wallingford",
    title     = "Switching to VoIP",
    publisher = "O'Reilly Media",
    year      = "2005",
    volume    = "1",
    address   = "Sebastopol",
    edition   = "1",
    month     = "jun",
    crossref  = "theodorewallingford2005"
}

@BOOK {alexandrekeller2014,
    author    = "Alexandre Keller",
    title     = "Asterisk na prática",
    publisher = "Novatec",
    year      = "2014",
    volume    = "2",
    address   = "São Paulo",
    edition   = "2",
    month     = "ago",
    crossref  = "alexandrekeller2014"
}

@MISC {maxaltman2010,
    author   		= "Max Altman",
    title   		= "Hoje na História: Graham Bell, inventor do telefone, faz a primeira ligação",
    howpublished 	= "Operamundi",
    month    		= "mar",
    year     		= "2010",
    url		 		= "http://operamundi.uol.com.br/conteudo/noticias/3163/conteudo+opera.shtml",
    urlaccessdate	= "30 mai. 2015"
}

@MASTERSTHESIS {thiagowinkler2007,
    author   		= "Thiago Winkler",
    date-added		= "2015-05-31 11:35:13 +0000",
	date-modified	= "2015-05-31 11:35:13 +0000",
	keywords		= "Instituto de informática",
	school			= "Instituto de Informática, Universidade Federal Pelotas",
    address   		= "Pelotas",
    title   		= "Desenvolvimento de um Sistema para Agregação de Serviços em um Ambiente de Telefonia Baseado em VoIP",
    type			= "Bacharelado em Ciência da Computação",
    year     		= "2007"
}

@MASTERSTHESIS {eduardomaronasmonks2006,
    author   		= "Eduardo Maroñas Monks",
    date-added		= "2015-05-31 11:15:13 +0000",
	date-modified	= "2015-05-31 11:15:13 +0000",
	keywords		= "Instituto de informática, programa de pós-graduação em computação",
	school			= "Instituto de Informática, Universidade Federal do Rio Grande do Sul",
    address   		= "Porto Alegre",
    title   		= "Planejamento de Capacidade em Redes Corporativas para Implementação de Serviços VoIP",
    type			= "Mestrado em Ciência da Computação",
    year     		= "2006"
}

@BOOK {books/daglib/0018909,
    author    = "Jim van Meggelen and Leif Madsen and Jared Smith",
    title     = "Asterisk, The Future of Telephony",
    publisher = "O'Reilly",
    year      = "2007",
    volume    = "2",
    address   = "Sebastopol",
    edition   = "2",
    month     = "ago",
    crossref  = "books/daglib/0018909",
}

@BOOK {gomeslemoscolcher1995,
    author    = "Luiz Fernando Gomes Soares and Guido Lemos de Souza and Sérgio Colcher",
    title     = "Redes de Computadores: Das LANs, MANs e WANs às Redes ATM ",
    publisher = "Campus",
    year      = "1995",
    volume    = "2",
    address   = "Rio de Janeiro",
    edition   = "2",
    month     = "jan",
    crossref  = "gomeslemoscolcher1995",
}

@BOOK {davidson2008,
	author		= "Davidson, J. and Peters, J. and Bhatia, M. and Kaldindi, S. and Mukherjee, S.",
	title		= "Fundamentos de VOIP",
	publisher	= "Bookman",
	year		= "2008",
	volume    	= "1",
	address   	= "Porto Alegre",
	edition   	= "2",
	month     	= "jan",
	crossref  	= "davidson2008",
}

@MISC {eduardotude2014,
    author       	= "Eduardo Tude",
    title        	= "Telefonia Fixa no Brasil",
    howpublished 	= "Teleco",
    month        	= "jan",
    year         	= "2014",
    url		     	= "http://www.teleco.com.br/tutoriais/tutorialstfc/pagina_1.asp",
    urlaccessdate	= "31 mai. 2015"
}

@MISC{dancohen1977,
	author = "Dan Cohen",
	title = "Specifications for the Network Voice Protocol (NVP)",
	publisher = "RFC Editor",
	year = {1977},
	volume    	= "1",
	address = "Los Angeles",
	edition   	= "1",
	month     	= "abr",
	crossref  	= "dancohen1977",
 }







